@Article{Haag2023,
  author = {Arjen Haag},
  title  = {Floods in Southeast Asia better captured with satellite data over the past 8 years},
  year   = {2023},
  url    = {https://www.deltares.nl/en/news/floods-in-southeast-asia-better-captured-with-satellite-data-over-the-past-8-years},
}

@Article{Yang2022,
  author    = {Yang, Rui and Wu, Shiqiang and Wu, Xiufeng and Ptak, Mariusz and Li, Xudong and Sojka, Mariusz and Graf, Renata and Dai, Jiangyu and Zhu, Senlin},
  journal   = {Environmental Sciences Europe},
  title     = {Quantifying the impacts of climate variation, damming, and flow regulation on river thermal dynamics: a case study of the Włocławek Reservoir in the Vistula River, Poland},
  year      = {2022},
  issn      = {2190-4715},
  month     = jan,
  number    = {1},
  volume    = {34},
  doi       = {10.1186/s12302-021-00583-y},
  publisher = {Springer Science and Business Media LLC},
}

@Article{Ridgeway2023,
  author = {Beth Ridgeway},
  title  = {Satellite Data, Applications Flowing Through SERVIR to Southeast Asia},
  year   = {2023},
  url    = {https://www.nasa.gov/missions/servir/satellite-data-applications-flowing-through-servir-to-southeast-asia/},
}

@Article{Gupta2007,
  author    = {Gupta, Avijit and Liew, S.C.},
  journal   = {Geomorphology},
  title     = {The Mekong from satellite imagery: A quick look at a large river},
  year      = {2007},
  issn      = {0169-555X},
  month     = mar,
  number    = {3–4},
  pages     = {259--274},
  volume    = {85},
  doi       = {10.1016/j.geomorph.2006.03.036},
  publisher = {Elsevier BV},
  url       = {https://www.sciencedirect.com/science/article/abs/pii/S0169555X06003217},
}

@Article{Regan2021,
  author = {Brian Eyler, Regan Kwan, Courtney Weatherby},
  title  = {Mekong Infrastructure Tracker},
  year   = {2021},
  url    = {https://www.stimson.org/project/mekong-infrastructure/},
}

@Article{Eyler2021,
  author = {Brian Eyler, Allison Carr, Brendan Stewart, and Regan Kwan},
  title  = {Damming the Mekong to its Ecological Tipping Point},
  year   = {2021},
  url    = {https://storymaps.arcgis.com/stories/fda9c37e1d9c4068ab56eb7a0d219b7f},
}

@Booklet{SERVIR-Mekong,
  title  = {FS_SERVIR-Mekong (R1)_0.pdf},
  author = {USAID.gov},
  url    = {https://servir.adpc.net/sites/default/files/public/publications/attachments/FS_SERVIR-Mekong (R1)_0.pdf},
}

@Article{Evans2021,
  author    = {Evans, Michael J. and Malcom, Jacob W.},
  journal   = {Conservation Biology},
  title     = {Supporting habitat conservation with automated change detection in Google Earth Engine},
  year      = {2021},
  issn      = {1523-1739},
  month     = jan,
  number    = {4},
  pages     = {1151--1161},
  volume    = {35},
  doi       = {https://conbio.onlinelibrary.wiley.com/doi/10.1111/cobi.13680},
  publisher = {Wiley},
}

@Comment{jabref-meta: databaseType:bibtex;}
